<?xml version="1.0" encoding="UTF-8"?><collection xmlns="http://www.loc.gov/MARC21/slim"><record><leader>00568nam--2200205-i-4500</leader><controlfield tag="001">000012734</controlfield><controlfield tag="002">20161230</controlfield><controlfield tag="005">20161230201029</controlfield><controlfield tag="008">060222s1000------------r-----000-0-rum-d</controlfield><datafield ind1=" " ind2=" " tag="040"><subfield code="a">IFIN-HH</subfield></datafield><datafield ind1=" " ind2=" " tag="041"><subfield code="a">rum</subfield></datafield><datafield ind1=" " ind2=" " tag="080"><subfield code="a">530.12</subfield></datafield><datafield ind1="1" ind2=" " tag="100"><subfield code="a">Barbulescu, Nicolae</subfield></datafield><datafield ind1="1" ind2="0" tag="245"><subfield code="a">Bazele fizice ale relativitatii einsteiniene</subfield><subfield code="c">Nicolae barbulescu</subfield></datafield><datafield ind1=" " ind2=" " tag="250"><subfield code="a">Editia A Doua Revizuita</subfield></datafield><datafield ind1=" " ind2=" " tag="260"><subfield code="a">Bucuresti</subfield><subfield code="b">Ed.Stiintifica Si Enciclopedica</subfield><subfield code="c">1979</subfield></datafield><datafield ind1=" " ind2=" " tag="300"><subfield code="a">263 P</subfield></datafield><datafield ind1=" " ind2=" " tag="490"><subfield code="a">Enciclopedia De Buzunar</subfield></datafield><datafield ind1=" " ind2=" " tag="852"><subfield code="a">46257</subfield><subfield code="c">530.12</subfield></datafield><datafield ind1=" " ind2=" " tag="CAT"><subfield code="a">Sys</subfield><subfield code="c">20111020</subfield><subfield code="h">155513</subfield></datafield></record></collection>